




@article{doi:10.1080/15472450802023337,
author = { Alexander   Skabardonis  and  Nikolas   Geroliminis },
title = {Real-Time Monitoring and Control on Signalized Arterials},
journal = {Journal of Intelligent Transportation Systems},
volume = {12},
number = {2},
pages = {64-74},
year = {2008},
doi = {10.1080/15472450802023337},

URL = { 
        http://www.tandfonline.com/doi/abs/10.1080/15472450802023337
    
},
eprint = { 
        http://www.tandfonline.com/doi/pdf/10.1080/15472450802023337
    
}

}


